@incollection{NIPS2015_5764,
title = {Interactive Control of Diverse Complex Characters with Neural Networks},
author = {Mordatch, Igor and Lowrey, Kendall and Andrew, Galen and Popovic, Zoran and Todorov, Emanuel V.},
booktitle = {Advances in Neural Information Processing Systems 28},
editor = {C. Cortes and N. D. Lawrence and D. D. Lee and M. Sugiyama and R. Garnett},
pages = {3132--3140},
year = {2015},
publisher = {Curran Associates, Inc.},
url = {http://papers.nips.cc/paper/5764-interactive-control-of-diverse-complex-characters-with-neural-networks.pdf}
}

@article{mordatch2012discovery,
  title={Discovery of complex behaviors through contact-invariant optimization},
  author={Mordatch, Igor and Todorov, Emanuel and Popovi{\'c}, Zoran},
  journal={ACM Transactions on Graphics (TOG)},
  volume={31},
  number={4},
  pages={43},
  year={2012},
  publisher={ACM}
}

@inproceedings{huh2009real,
  title={Real-time motor control using recurrent neural networks},
  author={Huh, Dongsung and Todorov, Emanuel},
  booktitle={Adaptive Dynamic Programming and Reinforcement Learning, 2009. ADPRL'09. IEEE Symposium on},
  pages={42--49},
  year={2009},
  organization={IEEE}
}

@inproceedings{wang2010optimizing,
  title={Optimizing walking controllers for uncertain inputs and environments},
  author={Wang, Jack M and Fleet, David J and Hertzmann, Aaron},
  booktitle={ACM Transactions on Graphics (TOG)},
  volume={29},
  number={4},
  pages={73},
  year={2010},
  organization={ACM}
}

@article{hinton2012improving,
  title={Improving neural networks by preventing co-adaptation of feature detectors},
  author={Hinton, Geoffrey E and Srivastava, Nitish and Krizhevsky, Alex and Sutskever, Ilya and Salakhutdinov, Ruslan R},
  journal={arXiv preprint arXiv:1207.0580},
  year={2012}
}

@article{hoerzer2014emergence,
  title={Emergence of complex computational structures from chaotic neural networks through reward-modulated Hebbian learning},
  author={Hoerzer, Gregor M and Legenstein, Robert and Maass, Wolfgang},
  journal={Cerebral cortex},
  volume={24},
  number={3},
  pages={677--690},
  year={2014},
  publisher={Oxford Univ Press}
}